@article{1991_ClimaticEasterIsland,
  title={The Late Quaternary vegetational and climatic history of Easter Island},
  author={ Flenley, J. R.  and  King, A. Sarah M.  and  Jackson, Joan  and  Chew, C.  and  Prentice, M. E. },
  journal={Journal of Quaternary Science},
  volume={6},
  number={2},
  pages={85-115},
  year={1991},
}
@book{2016_TheSelfishGene,
    author = {Richard Dawkins},
    editor = {Bernard Williams},
    edition = {$40^{\rm th}$ Anniversary},
    publisher = {Oxford University Press},
    title = {The Selfish Gene},
    year = {2016}
}
@inbook{2015_TheEcoNiche,
    author={Pocheville, Arnaud},
    editor={Heams, Thomas and Huneman, Philippe and Lecointre, Guillaume and Silberstein, Marc},
    title={The Ecological Niche: History and Recent Controversies},
    bookTitle={Handbook of Evolutionary Thinking in the Sciences },
    year={2015},
    publisher={Springer Netherlands},
    address={Dordrecht},
    pages={547--586},
    doi={10.1007/978-94-017-9014-7_26},
    url={https://doi.org/10.1007/978-94-017-9014-7_26}
}
@article{2005_TheRapeOfRapaNui,
    ISSN = {0958305X, 20484070},
    URL = {http://www.jstor.org/stable/43735687},
    author = {Benny Peiser},
    journal = {Energy \& Environment},
    number = {3/4},
    pages = {513--539},
    publisher = {Sage Publications, Ltd.},
    title = {FROM GENOCIDE TO ECOCIDE: THE RAPE OF ``RAPA NUI''},
    volume = {16},
    year = {2005}
}
@article{2002_MongolCulture,
    title={Characteristics of the Mongols' Ethnic Process: A Cultural Approach},
    author={Rui, Feng},
    journal={Etho-national Studies},
    year={2002},
}
@article{2019_ImpactAIOnLabor,
    author = {Morgan R. Frank  and David Autor  and James E. Bessen  and Erik Brynjolfsson  and Manuel Cebrian  and David J. Deming  and Maryann Feldman  and Matthew Groh  and Jos√© Lobo  and Esteban Moro  and Dashun Wang  and Hyejin Youn  and Iyad Rahwan },
    title = {Toward understanding the impact of artificial intelligence on labor},
    journal = {Proceedings of the National Academy of Sciences},
    volume = {116},
    number = {14},
    pages = {6531-6539},
    year = {2019},
    doi = {10.1073/pnas.1900949116},
    URL = {https://www.pnas.org/doi/abs/10.1073/pnas.1900949116},
    eprint = {https://www.pnas.org/doi/pdf/10.1073/pnas.1900949116},
}
@book{2018_ChristianCareForPoor,
    author = {Richardson},
    title = {Early Christian Care for the Poor: An Alternative Subsistence Strategy under Roman Imperial Rule},
    publisher = {Wipf and Stock Publishers},
    year = {2018},
    url = {https://www.perlego.com/book/882588/early-christian-care-for-the-poor-an-alternative-subsistence-strategy-under-roman-imperial-rule-pdf},
}
@book{2016_WhyCivFail,
    author = {Johnson, S.A.J.},
    title = {Why Did Ancient Civilizations Fail?},
    publisher = {Routledge},
    year = {2016},
    doi = {10.4324/9781315512891},
}
@book{1926_DeclineOfWest,
    author = {Oswald Spengler},
    title = {The Decline of the West},
    publisher = {Alfred A. Knopf, Inc.},
    year = {1926},
}
